@INPROCEEDINGS{yang-sc13, 
author={Xu, Yang and Zhou, Zhou and Wallace, Sean and Zhiling, Lan and Wei, Tang and Coghlan, Susan and Papka, M.E.}, 
booktitle={High Performance Computing, Networking, Storage and Analysis (SC), 2013 International Conference for}, 
title={Integrating dynamic pricing of electricity into energy aware scheduling for HPC systems}, 
year={2013}, 
pages={1-11}, 
doi={10.1145/2503210.2503264}, 
month={Nov},}


@INPROCEEDINGS{leung, 
author={V. J. Leung and E. M. Arkin and M. Bender and D. Bunde and J. Johnston and Alok Lal and J. S. B. Mitchell and C. Phillips and S. S. Seiden}, 
booktitle={Cluster Computing, 2002. Proceedings. 2002 IEEE International Conference on}, 
title={{Processor allocation on Cplant: achieving general processor locality using one-dimensional allocation strategies}}, 
year={2002}, 
pages={296-304}, 
keywords={parallel machines;resource allocation;Computational Plant;Cplant;Sandia supercomputers;allocation strategies;maximum throughput;performance metrics;resource allocation;space-filling curves;supercomputer;Bandwidth;Communication switching;Computer science;Costs;Laboratories;Processor scheduling;Resource management;Supercomputers;Switches;Throughput}, 
doi={10.1109/CLUSTR.2002.1137758}, 
month={},}


@INPROCEEDINGS{carl-cug,
author={Carl Albing and Mark Baker},
title ={{ALPS,Topology, and Performance: A Comparison of Linear Orderings for Application Placement in a 3D torus}},
year = {2010},
booktitle = {Proceedings of Cray User Group},
}

@INPROCEEDINGS{yang-cluster14, 
author={Xu Yang and Zhou Zhou and Wei Tang and Xingwu Zheng and Jia Wang and Zhiling Lan}, 
booktitle={Cluster Computing (CLUSTER), 2014 IEEE International Conference on}, 
title={{Balancing job performance with system performance via locality-aware scheduling on torus-connected systems}}, 
year={2014}, 
pages={140-148},  
doi={10.1109/CLUSTER.2014.6968751}, 
month={Sept},}

@ARTICLE{LO, 
author={Lo, V. and Windisch, K.J. and Wanqian Liu and Nitzberg, B.}, 
journal={Parallel and Distributed Systems, IEEE Transactions on}, 
title={{Noncontiguous processor allocation algorithms for mesh-connected multicomputers}}, 
year={1997}, 
volume={8}, 
number={7}, 
pages={712-726}, 
doi={10.1109/71.598346}, 
ISSN={1045-9219}, 
month={Jul},}

@incollection{pascual,
year={2009},
isbn={978-3-642-04632-2},
booktitle={Job Scheduling Strategies for Parallel Processing},
volume={5798},
series={Lecture Notes in Computer Science},
editor={Frachtenberg, Eitan and Schwiegelshohn, Uwe},
doi={10.1007/978-3-642-04633-9_8},
title={{Effects of Topology-Aware Allocation Policies on Scheduling Performance}},
url={http://dx.doi.org/10.1007/978-3-642-04633-9_8},
publisher={Springer Berlin Heidelberg},
author={Pascual, JoseAntonio and Navaridas, Javier and Miguel-Alonso, Jose},
pages={138-156},
language={English}
}

@article{tau,
 author = {Shende, Sameer S. and Malony, Allen D.},
 title = {{The Tau Parallel Performance System}},
 journal = {Int. J. High Perform. Comput. Appl.},
 issue_date = {May       2006},
 volume = {20},
 number = {2},
 month = may,
 year = {2006},
 issn = {1094-3420},
 pages = {287--311},
 numpages = {25},
 url = {http://dx.doi.org/10.1177/1094342006064482},
 doi = {10.1177/1094342006064482},
 acmid = {1125982},
 publisher = {Sage Publications, Inc.},
 address = {Thousand Oaks, CA, USA},
 keywords = {Performance evaluation, TAU, analysis, instrumentation, measurement},
} 


@misc{mpip,
    author = {McCracken, Michael and Janssen, Curt and Campbell, Mike and Brandt, Jim and Roth, Philip and Mohan, Tushar},
    title = {{mpiP}: {Lightweight}, {Scalable} {MPI} Profiling},
    note = {Available online at \url{http://mpip.sourceforge.net}},
    year = {Accessed October 14, 2015}
}

@misc{designforwardwebpage,
    author = {DOE},
    title = {{Design Forward - Exascale Initiative}},
    note = {Available online \url{http://portal.nersc.gov/project/CAL/trace.htm}},
    year = {Accessed October 14, 2015}
}

@article{partisn,
  title={{PARTISN}: A time-dependent, parallel neutral particle transport code system},
  author={Alcouffe, Ray E and Baker, Randal S and Dahl, Jon A and Turner, Scott A and Ward, Robert},
  journal={Los Alamos National Laboratory, LA-UR-05-3925 (May 2005)},
  year={2005}
}

@misc{coral,
    author = {CORAL},
    title = {Collaboration Benchmark Codes},
    note = {Available online \url{https://asc.llnl.gov/CORAL-benchmarks}},
    year = {Accessed October 14, 2015}
}

@misc{snap,
    author = {Zerr, Joe and  Baker, Randal},
    title = {{SNAP}: {SN (Discrete Ordinates) Application Proxy}},
    note = {Available online \url{https://github.com/losalamos/SNAP}},
    year = {Accessed October 14, 2015}
}


@misc{ipm,
    author = { Skinner, David and Wright, Nicholas and Fuerlinger, Karl and Yelick, Kathy},
    title = {{Integrated Performance Montoring}({IPM})},
    note = {Available online \url{http://ipm-hpc.sourceforge.net/overview.html}},
    year = {Accessed October 14, 2015}
}

@misc{titan,
    author = {ORNL},
    title = {{Titan System Overview}},
    note = {Available online \url{https://www.olcf.ornl.gov/kbarticles/titan-system-overview}},
    year = {Accessed October 14, 2015}
}

@misc{sst,
    author={SNL},
    title = {{SST} {DUMPI} trace library},
    note = {Available online \url{http://sst.sandia.gov/using dumpi.html}},
    year = {Accessed October 14, 2015}
}


@misc{top500,
    author = { },
    title = {{Top500 supercomputing web site}},
    note = {Available online \url{http://www.top500.org}},
    year = {Accessed October 14, 2015}
}


@inproceedings{miniapp,
  title={{Using a Developing MiniApp to Compare Platform Characteristics on Cray Systems}},
  author={Messer, Bronson},
  booktitle = {Proceedings of Cray User Group},
  year = {2012},
}

@inproceedings{RF,
  title={Improving task placement for applications with 2D, 3D, and 4D virtual Cartesian topologies on 3D torus networks with service nodes},
  author={Fiedler, Robert and Stephen, Whalen},
  booktitle = {Proceedings of Cray User Group},
  year = {2013},
}

@article{amg,
title = "BoomerAMG: A parallel algebraic multigrid solver and preconditioner ",
journal = "Applied Numerical Mathematics ",
volume = "41",
number = "1",
pages = "155 - 177",
year = "2002",
note = "Developments and Trends in Iterative Methods for Large Systems of Equations - in memorium Rudiger Weiss ",
issn = "0168-9274",
doi = "http://dx.doi.org/10.1016/S0168-9274(01)00115-5",
url = "http://www.sciencedirect.com/science/article/pii/S0168927401001155",
author = "Van Emden Henson and Ulrike Meier Yang",
}


@misc{nek5000,
    author = {Fischer, Paul and Obabko, Aleksandr and Merzari, Elia and Marin, Oana},
    title = {{Nek5000: Computational Fluid Dynamics Code}},
    note = {Available online \url{http://nek5000.mcs.anl.gov}},
    year = {Accessed October 14, 2015}
}

@techreport{boxlib,
  title={{BoxLib userâ€™s guide}},
  author={Bell, J and Almgren, A and Beckner, V and Day, M and Lijewski, M and Nonaka, A and Zhang, W},
  year={2012},
  institution={Technical Report, CCSE, Lawrence Berkeley National Laboratory. Available at: https://ccse. lbl. gov/BoxLib/BoxLibUsersGuide. pdf}
}

%article{rosenthal,
%  title={Characterizing Application Sensitivity to Network Performance},
%  author={Rosenthal, Eli and Le{\'o}n, Edgar A},
%  booktitle ={High Performance Computing, Networking, Storage and Analysis(SC), 2014 International Conference for},
%  year={2014},
%}

@INPROCEEDINGS{hoefler-modeling, 
author={Hoefler, T. and Gropp, W. and Kramer, W. and Snir, M.}, 
booktitle={High Performance Computing, Networking, Storage and Analysis (SC), 2011 International Conference for}, 
title={{Performance modeling for systematic performance tuning}}, 
year={2011}, 
pages={1-12}, 
month={Nov},}

@inproceedings{roth,
 author = {Roth, Philip C. and Meredith, Jeremy S. and Vetter, Jeffrey S.},
 title = {{Automated Characterization of Parallel Application Communication Patterns}},
 booktitle = {Proceedings of the 24th International Symposium on High-Performance Parallel and Distributed Computing},
 series = {HPDC '15},
 year = {2015},
 isbn = {978-1-4503-3550-8},
 location = {Portland, Oregon, USA},
 pages = {73--84},
 numpages = {12},
 url = {http://doi.acm.org/10.1145/2749246.2749278},
 doi = {10.1145/2749246.2749278},
 acmid = {2749278},
 publisher = {ACM},
 address = {New York, NY, USA},
 keywords = {application characterization, communication patterns, message passing interface (mpi)},
}

@article{bgloverview,
  title={{Overview of the Blue Gene/L system architecture}},
  author={Gara, Alan and Blumrich, Matthias A and Chen, Dong and Chiu, GL-T and Coteus, Paul and Giampapa, Mark E and Haring, Ruud A and Heidelberger, Philip and Hoenicke, Dirk and Kopcsay, Gerard V and others},
  journal={IBM Journal of Research and Development},
  volume={49},
  number={2.3},
  pages={195--212},
  year={2005},
  publisher={IBM}
}

@inproceedings{abhinav-sc13,
 author = {Bhatele, Abhinav and Mohror, Kathryn and Langer, Steven H. and Isaacs, Katherine E.},
 title = {{There Goes the Neighborhood: Performance Degradation Due to Nearby Jobs}},
 booktitle = {Proceedings of the International Conference on High Performance Computing, Networking, Storage and Analysis},
 series = {SC '13},
 year = {2013},
 isbn = {978-1-4503-2378-9},
 location = {Denver, Colorado},
 pages = {41:1--41:12},
 articleno = {41},
 numpages = {12},
 url = {http://doi.acm.org/10.1145/2503210.2503247},
 doi = {10.1145/2503210.2503247},
 acmid = {2503247},
 publisher = {ACM},
 address = {New York, NY, USA},
 keywords = {communication performance, interference, resource management, system noise, torus networks},
} 

@INPROCEEDINGS{jose-ipdps15, 
author={Jokanovic, A. and Sancho, J.C. and Rodriguez, G. and Lucero, A. and Minkenberg, C. and Labarta, J.}, 
booktitle={Parallel and Distributed Processing Symposium (IPDPS), 2015 IEEE International}, 
title={{Quiet Neighborhoods: Key to Protect Job Performance Predictability}}, 
year={2015}, 
pages={449-459}, 
doi={10.1109/IPDPS.2015.87}, 
ISSN={1530-2075}, 
month={May},}

@INPROCEEDINGS{skinner, 
author={Skinner, David and Kramer, W.}, 
booktitle={Workload Characterization Symposium, 2005. Proceedings of the IEEE International}, 
title={{Understanding the causes of performance variability in HPC workloads}}, 
year={2005}, 
pages={137-149}, 
doi={10.1109/IISWC.2005.1526010}, 
month={Oct},}

%inproceedings{hpdc14,
% author = {Prisacari, Bogdan and Rodriguez, German and Heidelberger, Philip and Chen, Dong and Minkenberg, Cyriel and Hoefler, Torsten},
% title = {{Efficient Task Placement and Routing of Nearest Neighbor Exchanges in Dragonfly Networks}},
% booktitle = {Proceedings of the 23rd International Symposium on High-performance Parallel and Distributed Computing},
% series = {HPDC '14},
% year = {2014},
% isbn = {978-1-4503-2749-7},
% location = {Vancouver, BC, Canada},
% pages = {129--140},
% numpages = {12},
% url = {http://doi.acm.org/10.1145/2600212.2600225},
% doi = {10.1145/2600212.2600225},
% acmid = {2600225},
% publisher = {ACM},
% address = {New York, NY, USA},
% keywords = {cartesian and random task placement, direct and indirect routing, dragonfly networks, nearest neighbor exchanges, stencil computation},
%}

@inproceedings{Bogdan-hpdc14,
 author = {Prisacari, Bogdan and Rodriguez, German and Heidelberger, Philip and Chen, Dong and Minkenberg, Cyriel and Hoefler, Torsten},
 title = {{Efficient Task Placement and Routing of Nearest Neighbor Exchanges in Dragonfly Networks}},
 booktitle = {Proceedings of the 23rd International Symposium on High-performance Parallel and Distributed Computing},
 series = {HPDC '14},
 year = {2014},
 isbn = {978-1-4503-2749-7},
 location = {Vancouver, BC, Canada},
 pages = {129--140},
 numpages = {12},
 url = {http://doi.acm.org/10.1145/2600212.2600225},
 doi = {10.1145/2600212.2600225},
 acmid = {2600225},
 publisher = {ACM},
 address = {New York, NY, USA},
 keywords = {cartesian and random task placement, direct and indirect routing, dragonfly networks, nearest neighbor exchanges, stencil computation},
}

@INPROCEEDINGS{jingjin, 
author={Jingjin Wu and Zhiling Lan and Xuanxing Xiong and Gnedin, N.Y. and Kravtsov, A.V.}, 
booktitle={{High Performance Computing, Networking, Storage and Analysis (SC), 2012 International Conference for}}, 
title={Hierarchical task mapping of cell-based AMR cosmology simulations}, 
year={2012}, 
pages={1-10}, 
doi={10.1109/SC.2012.63}, 
ISSN={2167-4329}, 
month={Nov},}

@inproceedings{ozan,
 author = {Tuncer, Ozan and Leung, Vitus J. and Coskun, Ayse K.},
 title = {{PaCMap: Topology Mapping of Unstructured Communication Patterns Onto Non-contiguous Allocations}},
 booktitle = {Proceedings of the 29th ACM on International Conference on Supercomputing},
 series = {ICS '15},
 year = {2015},
 isbn = {978-1-4503-3559-1},
 location = {Newport Beach, California, USA},
 pages = {37--46},
 numpages = {10},
 url = {http://doi.acm.org/10.1145/2751205.2751225},
 doi = {10.1145/2751205.2751225},
 acmid = {2751225},
 publisher = {ACM},
 address = {New York, NY, USA},
 keywords = {non-contiguous allocation, performance, task mapping, topology mapping, unstructured communication pattern},
} 

@INPROCEEDINGS{zhou-ipdps, 
author={Zhou Zhou and Xu Yang and Zhiling Lan and Rich, P. and Wei Tang and Morozov, V. and Desai, N.}, 
booktitle={{Parallel and Distributed Processing Symposium (IPDPS), 2015 IEEE International}}, 
title={Improving Batch Scheduling on Blue Gene/Q by Relaxing 5D Torus Network Allocation Constraints}, 
year={2015}, 
pages={439-448}, 
doi={10.1109/IPDPS.2015.110}, 
ISSN={1530-2075}, 
month={May},}

@incollection{oxbow,
year={2014},
isbn={978-3-319-10213-9},
booktitle={High Performance Computing Systems. Performance Modeling, Benchmarking and Simulation},
volume={8551},
series={Lecture Notes in Computer Science},
editor={Jarvis, Stephen A. and Wright, Steven A. and Hammond, Simon D.},
doi={10.1007/978-3-319-10214-6_1},
title={{Quantifying Architectural Requirements of Contemporary Extreme-Scale Scientific Applications}},
url={http://dx.doi.org/10.1007/978-3-319-10214-6_1},
publisher={Springer International Publishing},
author={Vetter, JeffreyS. and Lee, Seyong and Li, Dong and Marin, Gabriel and McCurdy, Collin and Meredith, Jeremy and Roth, PhilipC. and Spafford, Kyle},
pages={3-24},
language={English}
}

@INPROCEEDINGS{Dong-SC11, 
author={Dong Chen and Eisley, N.A. and Heidelberger, P. and Senger, R.M. and Sugawara, Y. and Kumar, S. and Salapura, V. and Satterfield, D.L. and Steinmacher-Burow, B. and Parker, J.J.}, 
booktitle={High Performance Computing, Networking, Storage and Analysis (SC), 2011 International Conference for}, 
title={{The IBM Blue Gene/Q interconnection network and message unit}}, 
year={2011}, 
pages={1-10},  
month={Nov},}

@conference {Jason-2011,
title = {{CODES: Enabling Co-Design of Multi-Layer Exascale Storage Architectures}},
booktitle = {Workshop on Emerging Supercomputing Technologies 2011 (WEST 2011) },
year = {2011},
address = {Tuscon, AZ },
author = {J. Cope and N. Liu and Samuel Lang and C. D. Carothers and Robert B. Ross}
}

@inproceedings{ross,
 author = {Barnes,Jr., Peter D. and Carothers, Christopher D. and Jefferson, David R. and LaPre, Justin M.},
 title = {{Warp Speed: Executing Time Warp on 1,966,080 Cores}},
 booktitle = {Proceedings of the 1st ACM SIGSIM Conference on Principles of Advanced Discrete Simulation},
 series = {SIGSIM PADS '13},
 year = {2013},
 isbn = {978-1-4503-1920-1},
 location = {Montr\&\#169;al, Qu\&\#233;bec, Canada},
 pages = {327--336},
 numpages = {10},
 url = {http://doi.acm.org/10.1145/2486092.2486134},
 doi = {10.1145/2486092.2486134},
 acmid = {2486134},
 publisher = {ACM},
 address = {New York, NY, USA},
 keywords = {blue gene/q, parallel discrete-event simulation, time warp},
}


@INPROCEEDINGS{mubarak-sc2012, 
author={Mubarak, M. and Carothers, C.D. and Ross, R. and Carns, P.}, 
booktitle={High Performance Computing, Networking, Storage and Analysis (SCC), 2012 SC Companion:}, 
title={Modeling a Million-Node Dragonfly Network Using Massively Parallel Discrete-Event Simulation}, 
year={2012}, 
pages={366-376}, 
doi={10.1109/SC.Companion.2012.56}, 
month={Nov},}

@inproceedings{codes-torus,
 author = {Mubarak, Misbah and Carothers, Christopher D. and Ross, Robert B. and Carns, Philip},
 title = {A Case Study in Using Massively Parallel Simulation for Extreme-scale Torus Network Codesign},
 booktitle = {Proceedings of the 2Nd ACM SIGSIM Conference on Principles of Advanced Discrete Simulation},
 series = {SIGSIM PADS '14},
 year = {2014},
 isbn = {978-1-4503-2794-7},
 location = {Denver, Colorado, USA},
 pages = {27--38},
 numpages = {12},
 url = {http://doi.acm.org/10.1145/2601381.2601383},
 doi = {10.1145/2601381.2601383},
 acmid = {2601383},
 publisher = {ACM},
 address = {New York, NY, USA},
 keywords = {exascale systems, high-performance computing, massively parallel architectures, parallel discrete-event simulation, torus networks},
} 



@ARTICLE{bgq, 
author={D. Chen and N. Eisley and P. Heidelberger and R. Senger and Y. Sugawara and S. Kumar and V. Salapura and D. Satterfield and B. Steinmacher-Burow and J. Parker}, 
journal={IEEE Micro}, 
title={{The IBM Blue Gene/Q Interconnection Fabric}}, 
year={2012}, 
volume={32}, 
number={1}, 
pages={32-43}, 
keywords={multiprocessor interconnection networks;parallel machines;IBM Blue Gene/Q interconnection fabric;application scalability;massively parallel supercomputers;message unit;network interface;routing algorithms;Decision support systems;BG/Q;Blue Gene/Q;interconnect technologies;interconnection network;message unit;network interface architecture;parallel computer architecture;router architecture;routing algorithms and techniques}, 
doi={10.1109/MM.2011.96}, 
ISSN={0272-1732}, 
month={Jan},}



@article{tofu,
 author = {Ajima, Yuichiro and Inoue, Tomohiro and Hiramoto, Shinya and Takagi, Yuzo and Shimizu, Toshiyuki},
 title = {{The Tofu Interconnect}},
 journal = {IEEE Micro},
 issue_date = {January 2012},
 volume = {32},
 number = {1},
 month = jan,
 year = {2012},
 issn = {0272-1732},
 pages = {21--31},
 numpages = {11},
 url = {http://dx.doi.org/10.1109/MM.2011.98},
 doi = {10.1109/MM.2011.98},
 acmid = {2361065},
 publisher = {IEEE Computer Society Press},
 address = {Los Alamitos, CA, USA},
 keywords = {high-performance computing, interconnect, topology, Tofu, 6D mesh/torus},
} 




